LDR  00942cam  2200241   45  
005  19900130000000.0
008  690723s1969    njua     b    00110 eng  
010       $a 69017478
049       $a CUNA,CUNB
050       $a H61 $b .B484 1969
099       $a t Case 38 J99 $a 2nd subfldA $b .B500
090       $a A50 $b .C400 1990
098  0    $n ov=
100  10   $a Blalock, Hubert M.
245  1    $a Theory construction; $b from verbal to mathematical formulations $c [by] Hubert M. Blalock, Jr.
260  0    $a Englewood Cliffs, N.J., $b Prentice-Hall $c [1969]
300       $a xi, 180 p. $b illus. $c 23 cm.
490  0    $a Prentice-Hall methods of social science series.
500       $a UCSF: CALL NUM IN 099 $a $a $b - OUTPUT PREFIX 't' AS 852 $k; OUTPUT SUFFIX 'Case 38' AS 852 $m; OUTPUT CALL NUM AS SINGLE 852 $j (04/02).
504       $a Bibliographical footnotes.
650   0   $a Social sciences $x Methodology.
852       $a SFB $b books $k t $m Case 38 $j J99 2nd subfldA .B500
901       $a SFB $b 10000568

Record 4
