LDR  01207cam  2200289   45  
005  19900125000000.0
008  690904s1969    mdua     b    00110 eng  
010       $a 69013694
035       $a (OCoLC)22832
099       $a ff Browsing REF. 1st subfldA $a 2nd subfldA $c 1st subfldC $c 2nd subfldC
098  0    $n ov=.b1028613
100  10   $a Kraus, Bertram S.
245  10   $a Dental anatomy and occlusion; $b a study of the masticatory system $c [by] Bertram S. Kraus, Ronald E. Jordan [and] Leonard Abrams.
260  0    $a Baltimore, $b Williams and Wilkins, $c 1969.
300       $a xvi, 317 p. $b illus. $c 29 cm.
500       $a UCSF MONO: 099 HAS 2 $a & 2 $c - OUTPUT AS 852 $j; OUTPUT "ff" AS 852 $k; DROP "Browsing";  OUTPUT "REF" AS 852 $m (02/08).
650   0   $a Teeth.
650   0   $a Occlusion (Dentistry)
650   2   $a Dental Occlusion.
650   2   $a Mastication.
650   2   $a Masticatory Muscles.
650   2   $a Tooth $x Anatomy and histology.
700  10   $a Jordan, Ronald E., $e joint author.
700  10   $a Abrams, Leonard, $d 1930- $e joint author.
852       $a SFB $b books $k ff $m REF. $j 1st subfldA 2nd subfldA 1st subfldC 2nd subfldC
852       $a SFB $b hnon $k ff $m REF. $j 1st subfldA 2nd subfldA 1st subfldC 2nd subfldC
901       $a SFB $b 10001128

Record 6
