LDR  01204cam  2200277   45  
005  19900214000000.0
008  691117s1969    sz       b    00110 engm 
010       $a 72425881 //r84
015       $a Sw69-1850
035       $a (OCoLC)27834
096       $a f SUBFLD a (096) $a 2ND $A $b SUBFLD b $b 2ND $B $c SUBFLD c $c 2ND $c
098  0    $n ov=
100  10   $a Roemer, Milton Irwin, $d 1916-
245  14   $a The organisation of medical care under social security. $b A study based on the experience of eight countries. $c [By] Milton I. Roemer.
260  0    $a Geneva, $b International Labour Office, $c 1969.
300       $a viii, 241 p. $c 24 cm.
350       $a 11.00.
490  1    $a Studies and reports. New series, $v no. 73.
500       $a UCSF MONO: CALL NUM IN 096 HAS 2 $a'S, 2 $b'S, 2 $c'S - OUTPUT 2 $a'S, 1ST $b, 2 $c'S AS SINGLE 852 $j; OUTPUT PREFIX TO 852 $k  (02/08).
650   0   $a Medical care.
650   0   $a Insurance, Health.
650   0   $a Social security.
810  2    $a International Labour Office. $t Studies and reports, $v new ser., no. 73.
852       $a SFB $b books $k f $j SUBFLD a (096) 2ND $A SUBFLD b SUBFLD c 2ND $c
871  29   $j 810/1 $a International Labor Office. $t Studies and reports. New series, $v no. 73.
901       $a SFB $b 10001498

Record 7
