LDR  00961cam  2200253I  45  
005  19900125000000.0
008  700330s1966    onca          00110 eng  
010       $a 70358625
020       $a 0802020380
035       $a (OCoLC)36980
090       $a ff REF. x
098  0    $n ov=.b1028790
100  10   $a Craigie, E. Horne $q (Edward Horne), $d 1894-
245  12   $a A laboratory guide to the anatomy of the rabbit / $c by E. Horne Craigie.
250       $a 2nd ed.
260  0    $a Toronto : $b University of Toronto Press, $c c1966, 1973 printing.
300       $a viii, 115 p. : $b illus. ; $c 23 cm.
500       $a UCSF MONO: CALL NUM IN 090 HAS $a ONLY; HAS PREFIX, STAMP, CALL NUM = 'x' -  OUTPUT "ff" TO 852 $k; OUTPUT STAMP TO 852 $m; DO NOT OUTPUT CALL NUM ("x") (02/08).
650   0   $a Rabbits $x Anatomy.
650   0   $a Anatomy, Comparative $x Laboratory manuals.
650   2   $a Dissection Manuals.
650   2   $a Rabbits $x anatomy & histology.
852       $a SFB $b books $k ff $m REF.
901       $a SFB $b 10001918

Record 8
