LDR  00835nam  2200253   45  
005  19900212000000.0
008  700130s1969    caueg    b    00100 engm 
010       $a 79078567 /MN
035       $a (OCoLC)52916
099       $b 099 subfldB $c subfldC
098  0    $n ov=
100  10   $a Dean, Winton.
245  1    $a Handel and the opera seria.
260  0    $a Berkeley, $b University of California Press, $c 1969.
300       $a xi, 220 p. $b music, plan. $c 26 cm.
350       $a 8.50.
490  1    $a The Ernest Bloch lectures, $v 1.
500       $a UCSF MONO: 099 WITH $b & $c - OUTPUT AS SINGLE 852 $j (02/08).
600  10   $a Handel, George Frideric, $d 1685-1759. $t Operas.
650   0   $a Opera.
830   0   $a Ernest Bloch lectures, $v 1.
852       $a SFB $b brow $j 099 subfldB subfldC
870  19   $j 600/1 $a Hèandel, Georg Friedrich, $d 1685-1759. $t Operas.
901       $a SFB $b 10002418

Record 9
