LDR  00880nam  2200229   45  
005  19900212000000.0
008  700212c19701969njuach        00000 eng  
010       $a 74079615
020       $a 498069621
035       $a (OCoLC)55558
050       $a ff SF426.2 (050$a) $b  REF. N366c 1969 (050$b)
098  0    $n ov=
100  10   $a Necker, Claire.
245  10   $a Cats and dogs: woofs and purrs, spits and grrrs.
260  0    $a South Brunswick, [N.J.] $b A. S. Barnes $c [1970, c1969]
300       $a 306 p. $b illus., facsims., ports. $c 25 cm.
500       $a UCSF MONO: 050 CALL NUM HAS $a $b, PREFIX IN $a, STAMP IN $b - OUTPUT 'ff' TO 852 $k, 'REF.' TO $m, CALL NUM TO 852 $h $i (02/08).
650   0   $a Dogs $x Folklore.
650   0   $a Cats $x Folklore.
852       $a SFB $b brow $k ff $m REF. $h SF426.2 (050$a) $i N366c 1969 (050$b)
852       $a SFB $b books $k ff $m REF. $h SF426.2 (050$a) $i N366c 1969 (050$b)
901       $a SFB $b 10002558

Record 11
