LDR  00755nas  22001817  45  
005  19900516000000.0
008  870922c    9999xx mu p      u uuuu1engod
096       $a W1 $b AA 114
098  0    $n ov=.b1110044
245  00   $a AAOHN Journal.
500       $a UCSF PE: NO 852 OR 850, USE 920, HAS 590 & 950$b - OUTPUT HOLDINGS FROM 590 TO 852 $3 FOR ALL 852'S; USE $z FROM 1ST 950 & OUTPUT TO 1ST $m OF THE 1ST 852 (02/08).
710  20   $a American Association of Occupational Health Nurses.
710  20   $a Nurses and Nursing.
780  00   $a Occupational Health Nursing.
852       $a SFB $b arch $m latest issue stolen (950$z) $h W1 $i AA 114 $3 v.1-100 (590 FLD)
852       $a SFB $b hmed $h W1 $i AA 114 $3 v.1-100 (590 FLD)
852       $a SFB $b 1stfl $h W1 $i AA 114 $3 v.1-100 (590 FLD)
901       $a SFB $b 11925608

Record 13
