LDR  00535nas  22001337  45  
005  19900509000000.0
008  870922c    9999xx wu p      u uuuu1engod
096       $a W1 $b AB 101D
098  0    $n ov=.b1110056
245  00   $a AB Bookman's Weekly; $b for the Specialist Book World.
500       $a UCSF PE: NO 852 OR 850, USE 920. NO 590 WITH "LIBRARY HAS", HAS 950$b & $d; OUTPUT 950 $b TO 852 $3 FOR ALL LOCS (02.08).
852       $a SFB $b hnon $h W1 $i AB 101D $x Weekly. $3 28, 1960- (950$b)
852       $a SFB $b ref $h W1 $i AB 101D $x Weekly. $3 28, 1960- (950$b)
901       $a SFB $b 11908458

Record 14
