LDR  00754nas  22001697  45  
005  19900516000000.0
008  870922d19721989xx mu p  a   u uuuu1engod
096       $a W1 $b AB 93
098  0    $n ov=.b1110536
245  00   $a Abstracts on Health Effects of Environmental Pollutants.
500       $a UCSF PE: NO 852 OR 850, USE 920. NO HOLDINGS, OUTPUT DEFAULT VALUE IN 852 $3 FOR ALL LOCS (04/02).
690       $a Environmental Health--Indexes and Abstracts.
690       $a Pesticides--Indexes and Abstracts.
749       $a Health Effects of Environmental Pollutants.
852       $a SFB $b hnon $h W1 $i AB 93 $x Ceased publication. $3 For holdings, consult UCSF local catalog.
852       $a SFB $b ref $h W1 $i AB 93 $x Ceased publication. $3 For holdings, consult UCSF local catalog.
901       $a SFB $b 11926028

Record 16
