LDR  00963cam  2200277   45  
005  19900927000000.0
008  740610c18689999nyuar1    ys  0uuua1engd 
010       $a 04003781 //r41
019       $a 386815 $a 780317 $a 1348756 $a 15159857
022       $a 0084-1382
035       $a (OCoLC)912534
043       $a n-us---
050       $a AY67.N5 $b W7
098  0    $n ov=.b1025806
222  04   $a The World as it should be.
245  04   $a The World as it should be.
247  00   $a World almanac $f 1868-1893.
247  00   $a World almanac and encyclopedia $f 1894-1922.
260  00   $a New York, $b Newspaper Enterprise Association [etc. $c 1888]
300       $a v. $b ill. (maps) tables. $c 19-22 cm.
500       $a UCSF: DON'T OUTPUT FIELDS 001-005, 009, 590, 595, 850, 852, 866, 867, 868, 886, 899 (04/02)
650   0   $a Almanacs, American.
650   0   $a Statistics.
852       $a SFB $b books $h AY67.N5 $i W7 $m 595 FIELD. $x 590 FIELD
852       $a SFB $b ref $h AY67.N5 $i W7 $m 595 FIELD. $x 590 FIELD
901       $a SFB $b 10053669

Record 17
