LDR  00906cam  2200241   45  
005  19920122000000.0
008  740920s1973    mdua         f00000 eng  
010       $a 74600663
043       $a n-us-ca
049       $a CUNR
090       $a RA448.S37 $b U54 1973
098  0    $n ov=
110  10   $a United States. $b Health Services Administration. $b Bureau of Community Health Services.
245  10   $a Home health in Chinatown.
260  0    $a Rockville, Md.; $b [For sale by the Supt. of Docs., U.S. Govt. Print. Off., $c 1973]
300       $a iii, 32 p. $b illus. $c 23 cm.
350       $a $0.50.
500       $a UCSF: CREATE 005 FROM 902 - 902 BEGINS "92", ADD "19" TO BEGINNING (04/02).
650   0   $a Home care services $z California $z San Francisco.
650   0   $a Chinese Americans $x Health and hygiene $z California $z San Francisco.
830   0   $a DHEW publication $v no. (HSA) 73-6408.
852       $a SFB $b oc $h RA448.S37 $i U54 1973
901       $a SFB $b 10965373

Record 18
