LDR  00665nas  22001697  45  
005  20010923000000.0
008  870922c    9999   mu p      u uuuu1engod
022       $a 0091-1658
049       $a cun&
096       $a W1 $b AM 812B
098       $n ov=.b1119680
245  00   $a American Statistics Index. $b Monthly Supplement. Abstracts.
500       $a UCSF: CREATE 005 FROM 902 - 902 BEGINS "01", ADD "20" TO BEGINNING (04/02).
690       $a Congressional Information Service.
690       $a Statistics.
852       $a SFB $b coref $h W1 $i AM 812B $z Shared Purchase. Acquired through the UC Shared Collections and Access Program. Basic set located at UC Berkeley. $3 Keep until cumulated
901       $a SFB $b 11934529

Record 19
