LDR  01353nam  2200241Ia 45  
005  19930331000000.0
008  910524c19919999ilu           000 0 eng d
035       $a (OCoLC)23830360
040       $a IHD $c IHD
090       $a RA971 $b .A76
098       $n ov=.b1216764
110  2    $a American Hospital Association.
245  10   $a Management advisories of the American Hospital Association.
260       $a [Chicago] : $b the Association, $c [1991-]
300       $a v. (various pagings) ; $c 30 cm.
500       $a UCSF MONO: RECORD WITH 3 595 FIELDS HAS MULTIPLE LOCS, OUTPUT ALL LOCS; OUTPUT 595'S AS SEPARATE 852 $m'S (02/08).
504       $a Includes bibliographical references.
650   2   $a Governing Board.
740  01   $a Policies ; Policy and statements ; Guidelines ; Technical advisory bulletins.
852       $a SFB $b ref $h RA971 $i .A76 $m * Current issue Reference Books * (595 FLD) $m * Library keeps latest issue only * (595 FLD) $m Shelved on the 4th floor. (595 FLD) $3 Library has: 1991.
852       $a SFB $b books $h RA971 $i .A76 $m * Current issue Reference Books * (595 FLD) $m * Library keeps latest issue only * (595 FLD) $m Shelved on the 4th floor. (595 FLD) $3 Library has: 1991.
852       $a SFB $b 1stfl $h RA971 $i .A76 $m * Current issue Reference Books * (595 FLD) $m * Library keeps latest issue only * (595 FLD) $m Shelved on the 4th floor. (595 FLD) $3 Library has: 1991.
901       $a SFB $b 12515322

Record 22
