LDR  01206nas  22002057  45  
005  19900117000000.0
008  870922c    9999xx bu p      u uuuu1engod
096       $a ff Browsing W1 $b AA 113 ANESTH.
098  0    $n ov=.b1110020
245  00   $a AANA Journal.
500       $a UCSF PE: NO 852 OR 850, HAS 3 LOCS IN 920 FLD, HAS 2 595 FLDS, 096 HAS PREFIX & STAMP, 1ST 950 HAS $z - OUTPUT 852'S FOR EACH LOC, WITH $k FROM PREFIX AND $m'S FROM 950 $z, 096, 595 FLDS (02/08).
500       $a OUTPUT 096 $a $b AS 852 $h $i; OUTPUT PREFIX TO 852 $k.
690       $a Nurses and Nursing.
690       $a Anesthesia.
710  20   $a American Association of Nurse Anesthetists.
780  00   $a American Association of Nurse Anesthetists. Journal.
852       $a SFB $b 1stfl $m 1ST 950z note $k ff $m ANESTH. $h W1 $i AA 113 $m Latest issue in Librarian's car $m Next to latest issue in Librarian's LL Bean bag $x Bimonthly. $3 42, 1974-
852       $a SFB $b mbccj $k ff $m ANESTH. $h W1 $i AA 113 $m Latest issue in Librarian's car $m Next to latest issue in Librarian's LL Bean bag $x Bimonthly. $3 42, 1974-
852       $a SFB $b jour $k ff $m ANESTH. $h W1 $i AA 113 $m Latest issue in Librarian's car $m Next to latest issue in Librarian's LL Bean bag $x Bimonthly. $3 42, 1974-
901       $a SFB $b 11925588

Record 23
