LDR  01323cas  2200289I  45  
005  19930223000000.0
008  850714c19229999dcuuu    r    0uuua1eng d
019       $a 2239399 $a 2951465
035       $a (OCoLC)2010222
049       $a CUNA $a CUNW
090       $a T21 $b .N294 REF.
098       $n ov=.b2373563
110  20   $a National Academy of Sciences (U.S.)
245  00   $a Affiliated organizations.
260  10   $a Washington, D.C.
300       $a v. $c 22 cm.
362  0    $a 1922/23-
500       $a UCSF PE: NO 852 OR 850, USE 920. NO 595 FLD, HAS MULT LOCS, 950$z, SHARED PURCHASE 590 FLD, & CALL NO. POST STAMP (02/08).
500       $a OUTPUT 950 $z AS 1ST 852 $m IN 1ST 852 ONLY; OUTPUT 590 SHARED PURCHASE AS 852 $z IN 1ST 852 ONLY; OUTPUT STAMP IN 852 $m IN ALL 852'S; OUTPUT 950 $b AS 852 $3 IN ALL SEGMENTS.
610  20   $a National Academy of Sciences (U.S.) $x Directories.
710  20   $a National Research Council (U.S.)
710  20   $a National Academy of Engineering.
710  20   $a Institute of Medicine (U.S.)
852       $a SFB $b ref $m 950z NOTE - Kept in Reference. $m REF. $h T21 $i .N294 $z Shared purchase: output 852 $Z in 1st holdings segment $3 1987, 1989-1990, 1992 (950$b)
852       $a SFB $b books $m REF. $h T21 $i .N294 $3 1987, 1989-1990, 1992 (950$b)
852       $a SFB $b desk $m REF. $h T21 $i .N294 $3 1987, 1989-1990, 1992 (950$b)
901       $a SFB $b 10089913

Record 24
