LDR  01254cam  2200265   45  
005  19900125000000.0
008  700202s1969    nyuach   b    00110 eng  
010       $a 69018726
035       $a (OCoLC)55185
050       $a SF407.M5 $b S5947
098  0    $n ov=.b1281719
100  10   $a Gernsheim, Helmut, $d 1913-
245  14   $a The history of photography $b from the camera obscura to the beginning of the modern era $c [by] Helmut Gernsheim, in collaboration with Alison Gernsheim.
250       $a [2d ed.]
260  0    $a New York, $b McGraw-Hill $c [1969]
300       $a 599 p. $b illus., facsims., ports. $c 31 cm.
350       $a 22.95.
500       $a UCSF: MONO W/ MULTIPLE LOCS - OUTPUT 595 FLDS AS 852 $m'S FOR ALL LOCS.  (02/08)
500       $a Rev. ed. published as: The origins of photography. 1982.
504       $a Bibliography: p. [580]-581.
650   0   $a Photography $x History.
700  10   $a Gernsheim, Alison, $e joint author.
852       $a SFB $b coref $h SF407.M5 $i S5947 $m SEE INFO DESK FOR ASSISTANCE. (595 FLD) $m Access restricted to UCSF faculty, staff, etc. (595 FLD) $x Gift of Harold A. Harper.
852       $a SFB $b ref $h SF407.M5 $i S5947 $m SEE INFO DESK FOR ASSISTANCE. (595 FLD) $m Access restricted to UCSF faculty, staff, etc. (595 FLD) $x Gift of Harold A. Harper.
901       $a SFB $b 10002528

Record 27
