LDR  01165cas  2200301   45  
005  19960604000000.0
008  750726c18989999mdumr1p       0   a0eng d
010       $a a  43003158 //r833
022  0    $a 0002-9513
035       $a (OCoLC)1480180
040       $a MUL $d AIP $d NSD $d NST $d CAS $d NST $d AGL $d OCL $d NSD $d NST $d IUL
069  1    $a A24720000
096       $a W1 $b AM 507
098       $n ov=.b1117981
245  00   $a American journal of physiology.
260       $a [Bethesda, Md., etc.] $b American Physiological Society [etc.]
210  0    $a Am. j. physiol.
222   4   $a The American journal of physiology.
300       $a v. $b ill., ports. $c 25-27 cm.
310       $a Monthly, $b <1898-
362  0    $a v. 1-   Jan. 1898-
500       $a UCSF: PE WITH 850 FIELDS: 850 $F IN LOCS 1 & 2 HAS CALL NUM PREFIX; REMOVE PREFIX & OUTPUT IN 852 $k IN THAT SEGMENT; OUTPUT CALL NUM IN 852 $j (04/02).
650   0   $a Physiology.
600  10   $a Porter, William Townsend, $d 1862-1949.
852       $a SFB $b jour $k ff $j W1 AM 507 (1ST) $3 1, 1898- $m (Copy 1)
852       $a SFB $b jrnl $k t $j W1 AM 507 (2ND) $3 1990-91 $m All issues shelved with bound journals. $m (Copy 2)
852       $a SFB $b sfgh $3 228, 1975-
901       $a SFB $b 11861794

Record 29
