LDR  01455nas  22002297  45  
005  19960604000000.0
008  870922c19599999   mu p      u uuuu1engod
022       $a 0003-990x
049       $a cunc
096       $a W1 $b AR 455AD
098       $n ov=.b1124080
245  00   $a Archives of General Medicine.
260       $a [Chicago, $b American Medical Association]
265  00   $a American Medical Association, 535 N. Dearborn St., Chicago, IL 60610.
212  0    $a Arch. Gen. Med.
500       $a UCSF: PE WITH 850 FIELDS: 590 SHARED PURCHASE OUTPUT IN 1ST 852 ONLY; 1 590 OUTPUT AS 852 $x IN ALL 852'S; LIBRARY KEEPS 590 AND LIBRARY HAS 590 DROPPED; 595'S OUTPUT AS $m'S (02/08).
650   0   $a Medicine.
710  20   $a American Medical Association.
852       $a SFB $b jour $j W1 AR 455AD $3 1, 1795- $m (Copy 1) $m * SEE INFORMATION DESK FOR ASSISTANCE * (595 FLD) $m Access restricted to UCSF faculty, staff and students. (595 FLD) $x Monthly (590 OUTPUT AS 852 $x). $z Shared purchase - vols 1-25, 1795-1820.
852       $a SFB $b jrnl $j W1 AR 455AD $3 1990-91 $m All issues shelved with bound journals. $m (Copy 2) $m * SEE INFORMATION DESK FOR ASSISTANCE * (595 FLD) $m Access restricted to UCSF faculty, staff and students. (595 FLD) $x Monthly (590 OUTPUT AS 852 $x).
852       $a SFB $b 2ndfl $3 199, 1994- $m (Copy 3) (ELECTRONIC JOURNAL) $m * SEE INFORMATION DESK FOR ASSISTANCE * (595 FLD) $m Access restricted to UCSF faculty, staff and students. (595 FLD) $x Monthly (590 OUTPUT AS 852 $x).
901       $a SFB $b 11862099

Record 31
