LDR  01185cas  2200337   45  
005  19960604000000.0
008  750812c19629999pauwr1p       0   a0eng d
010       $a a  63000602 //r882
022  0    $a 0006-2960
035       $a (OCoLC)1536396
040       $a MUL $c MUL $d NSD $d OCL $d DLC $d NSD $d SER $d RCS $d AIP $d NSD $d AIP $d NSD $d AIP $d NST $d DLC $d IUL $d NST $d AGL $d IUL $d NST
069  1    $a B15160000
096       $a W1 $b BI 635
098       $n ov=.b1128139
245  00   $a Biochemistry.
260       $a [Easton, Pa.] $b American Chemical Society.
210  0    $a Biochemistry $b (Easton)
222   0   $a Biochemistry $b (Easton)
300       $a v. $b ill. $c 27-29 cm.
310       $a Weekly, $b <1991->
362  0    $a v. 1-   Jan. 1962-
500       $a UCSF: PE WITH 850 FIELDS: 8 850 FIELDS WITH 5 UNIQUE LOC CODES. OUTPUT THE 5 UNIQUE LOCS IN 852 FIELDS (02/08).
650   0   $a Biochemistry.
650   2   $a Biochemistry.
710  20   $a American Chemical Society.
852       $a SFB $b jour $j W1 BI 635 $3 1, 1962- $m (Copy 1)
852       $a SFB $b jrnl $3 32, 1993- $m (Copy 2)
852       $a SFB $b sfgh $3 14, 1975- $m (Copy 3)
852       $a SFB $b hjour $3 32, 1993- $m (Copy 5)
852       $a SFB $b mbccj $j W1 BI 635 $3 1, 1962- $m (Copy 6)
901       $a SFB $b 11860546

Record 32
