LDR  02004cas  2200373 a 45  
005  19960605000000.0
008  741230c19609999iluwx1p  ¯    0uuua0eng d
010       $a 82-643544//r842
022  0    $a 0098-7484
035       $a (OCoLC)1124917
069  1    $a J03340000
096       $a W1 $b JO 22F
098       $n ov=.b1118535
245  00   $a JAMA : $b the journal of the American Medical Association.
260  01   $a Chicago : $b American Medical Association, $c 1960-
222  00   $a JAMA, the journal of the American Medical Association.
246  10   $a Journal of the American Medical Association.
246  17   $a J.A.M.A.
300       $a v. : $b ill., ports. ; $c 28 cm.
310       $a Four issues per month $b <, Mar. 21, 1980->
362  0    $a Vol. 173, no. 9 (July 2, 1960)-
500       $a UCSF: PE WITH 850 FIELDS: RECORD HAS MULTIPLE LOCS; OUTPUT 595 AS 852 $m'S IN ALL LOC SEGMENTS (02/08).
510  1    $a General science index $x 0162-1963.
610  20   $a American Medical Association.
650   0   $a Medicine.
650   2   $a Medicine.
710  20   $a American Medical Association.
730  02   $a Continuing education courses for physicians.
730  02   $a Continuing education opportunities for physicians for the period ..
780  00   $t Journal of the American Medical Association $x 0002-9955 $w (DLC)   07037314 $w (OCoLC)1480379.
852       $a SFB $b jour $j W1 JO 22F $3 173(9), 1960- $m Current in desk (850 $j) $m Shelved in office (850 $z) $m (Copy 1) (850 $k) $m * SEE INFORMATION DESK FOR ASSISTANCE * (595 FIELD) $m Access restricted to UCSF faculty, staff & students (595 FIELD) $z Shared purchase 590
852       $a SFB $b jrnl $j W1 JO 22F $3 Keep current yr +7 previous yrs (850 $j) $m All issues shelved with bound journals(850 $z). $m (Copy 3) (850 $k) $m * SEE INFORMATION DESK FOR ASSISTANCE * (595 FIELD) $m Access restricted to UCSF faculty, staff & students (595 FIELD)
852       $a SFB $b sfgh $3 231, 1975- $m * SEE INFORMATION DESK FOR ASSISTANCE * (595 FIELD) $m Access restricted to UCSF faculty, staff & students (595 FIELD)
901       $a SFB $b 11861861

Record 33
