LDR  00880cas  2200241   45  
005  20020510143000.0
008  750726c18989999mdumr1p       0   a0eng d
010       $a a  43003158 //r833
022  0    $a 0002-9513
035       $a (OCoLC)1480180
040       $I MUL $d HUL $d NSD $d NST $d CAS $d NST $d AGL $d OCL $d NSD $d NST $d IUL
069  1    $a A24720000
096       $a W1 $b AM 507
098       $n ov=.b1117981
245  00   $a Abstracts in the study of the paranormal.
260       $a Bern, Switzerland $b Association of Parapsychology
300       $a v. $b ill., ports. $c 25-27 cm.
310       $a Monthly, $b <1898-
362  0    $a v. 1-   Jan. 1898-
500       $a UCSF: NO 902 FIELD - CREATE 005 FROM PROGRAM RUN PARAMETER (04/02).
650   0   $a Parapsychology -- Research.
852       $a SFB $b ref $3 282, 1970- $m * SEE INFORMATION DESK FOR ASSISTANCE * $m Access restricted to UCSF faculty, staaff and students.
901       $a SFB $b 12631694

Record 34
