LDR  01522cai  2200301Ia 4500
005  20060711000000.0
008  830815c19779999dcuuu     s  f0uuua0eng d
035       $a (OCoLC)9809091
043       $a n-us---
049       $a CUNA [] [] [] [Current] [volume] [Ref.] $a CUNW
086  0    $a NS 1.30/2:
090       $a LB2342 $b .N37
098       $n ov=.b1088154
240  00   $a Federal support to universities, colleges, and nonprofit institutions $f <1988/89->
245  00   $a Federal support to universities, colleges, and selected nonprofit institutions. $p Technical notes and detailed statistical tables
246  13   $a Federal support to universities, colleges, and selected nonprofit institutions. $p Detailed statistical tables $f <1984/85->
260  00   $a Washington, D.C. : $b National Science Foundation, $c [1979?-
300       $a v. ; $c 23 x 30-28 cm
362  0    $a Fiscal year 1977-
440   0   $a Surveys of science resources series
500       $a UCSF PE: INTEGRATING RESOURCE - TYPE = 'a', BIBLVL = 'i'; OUTPUT AS SERIAL, DO NOT OUTPUT ERROR (07/06).
650   0   $a Federal aid to higher education $z United States $x Statistics
710  20   $a National Science Foundation (U.S.)
760  0    $t Surveys of science resources series
780  00   $t Federal support to universities, colleges, and selected nonprofit institutions $w (OCoLC)1249482
852       $a SFB $b net $j LB2342 .N37 $3 1970/71, 1972/73-1975/76, 1977/78-1980/81, 1982/83, 1984/85-1987/88, 1988/89, 1990/91, 1992, 1993-
856  41   $u http://www.nsf.gov/statistics/fedsupport/
901       $a SFB $b 11310248

Record 35
