LDR  02141cas  22004697  4500
005  20070718000000.0
007  cr cnu
008  751101c19709999oncmn4p       0   a0eng  
010       $a 70613461  $z cn 97390018
022  0    $a 0011-9059
035       $a (OCoLC)1753567
040       $a DLC $b eng $c MUL $d NSD $d DLC $d NSD $d DLC $d SER $d RCS $d AIP $d CAS $d NST $d FXC $d MXC $d NSD $d NLC $d NSD $d OCL $d NLC $d OCL $d NSD $d OCL
041  0    $a engfrespa
069  1    $a I26740000
096       $a W1 $b IN 766G
098       $n ov=.b115882x
210  0    $a Int. j. dermatol
222   0   $a International journal of dermatology
245  00   $a International journal of dermatology
260       $a Hamilton, ON [etc.], $b Decker Periodicals [etc.]
300       $a v. $b ill., ports. $c 26 cm
310       $a Monthly (bimonthly Jan./Feb. and July/Aug.) $b <1976->
362  0    $a v. 9-   Jan./Mar. 1970-
500       $a UCSF PE: HAS 852, 850 AND 920; USE 852. OUTPUT SFB IN 852 SUBFLD a; LOC FROM 852b TO OUTPUT 852b; CALL NUM FROM 852j TO OUTPUT 852j; HOLDINGS FROM 852 SUBFLD 3 TO OUTPUT SUBFLD 3; PUBLIC NOTE 852z TO OUTPUT 852z (02/08).
510  1    $a Excerpta medica
546       $a English, French, and Spanish, with summaries in the three languages
550       $a "Official organ of the International Society of Tropical Dermatology."
650   0   $a Dermatology $v Periodicals
650   0   $a Tropical medicine $v Periodicals
650   2   $a Skin Diseases $v periodicals
650   2   $a Dermatology $v periodicals
655   7   $a Online resources. $2 local
690       $a Electronic journals $x Dermatology
690       $a Electronic journals $x Medical sciences
690       $a Electronic journals $x Biology and medicine
710  2    $a International Society of Tropical Dermatology
776  1    $t International journal of dermatology (Online) $x 1365-4632 $w (OCoLC)37104811
780  00   $t Dermatologia internationalis $x 0096-1108
793  0    $a Blackwell-Synergy online journals. $g a
852       $a SFB $b jrnl $j W1 IN 766G (SUBFLD j) $z Current issue Reference Books (SUBFLD z) $3 v.9(1970)-v.43(2004) (SUBFLD 3)
856  41   $3 v.36(1997)- $z Blackwell-Synergy. Restricted to UC campuses $u http://uclibs.org/PID/3489
901       $a SFB $b 11860911

Record 36
