LDR  02168cas  2200481 a 4500
005  20070719000000.0
007  cr unu        
008  750812d19291998enkmrzp       0   a0eng d
010       $a sc 85001050  $z sn 80001758
022  0    $a 0007-1331
035       $a (OCoLC)1537316
040       $a MUL $c MUL $d UCU $d NSD $d HUL $d NSD $d SER $d RCS $d AIP $d DLC $d AIP $d NST $d NSD $d OCL $d WAU $d OCL $d MYG
069  1    $a B35720000
096       $a W1 $b BR 646
098       $n ov=.b1130869
210  0    $a Br. j. urol
222   0   $a British journal of urology
245  00   $a British journal of urology : $b official journal of the British Association of Urological Surgeons
246  13   $a BJU $f -1998
260       $a London : $b E & S Livingstone, $c -c1998
300       $a 82 v. : $b ill. ; $c 28 cm
310       $a Monthly, $b <Aug. 1990>-Dec. 1998
362  1    $a Began with: Vol. 1 (Mar. 1929)
362  0    $a -v. 82, no. 6 (Dec. 1998)
500       $a UCSF PE: HAS 4 852 FIELDS, 2 UNIQUE LOCS. OUTPUT FIRST OCCURRENCE OF EACH UNIQUE LOC (02/08).
510  0    $a Nuclear science abstracts $x 0029-5612
525       $a Some issues are accompanied by unnumbered supplements; some vols. accompanied by numbered supplements
530       $a Some issues, including those published under a later title, also issued online
555       $a Vols. 1 (1929)-20 (1948), 1 v.; Vols. 21 (1949)-30 (1958), in v. 30
599       $a UPD $b added SFX >035 $c 060630
650   0   $a Urology $v Periodicals
690       $a Electronic journals $x Medical sciences
690       $a Electronic journals $x Biology and medicine
730  02   $a Abstracts from current urological literature
730  02   $a Index to current urological literature
776  1    $t British journal of urology (Online) $w (OCoLC)37104177
776  1    $t BJU international (Online) $x 1464-410X $w (DLC)   00242373 $w (OCoLC)45381444
785  00   $t BJU international $x 1464-4096 $w (DLC)sn 99047120 $w (OCoLC)40842824
793  0    $a Blackwell-Synergy online journals. $g i
852       $a SFB $b jrnl $j W1 BR 646 $3 v.1(1929)-v.70(1992)
852       $a SFB $b sfgh $3 v.56(1984)-v.71(1993)
856  41   $3 v.77(1996)-v.82(1998). $z Blackwell-Synergy. Restricted to UC campuses $u http://uclibs.org/PID/3411
901       $a SFB $b 11860479

Record 37
